@book{IR-book,
    title={An Introduction to Information Retrieval}, 
    author={Cristopher D. Manning and Prabhakar Ragavan and Hinrich Sch√ºtze},
    year={2009},
}